@inproceedings{Liu:2012:CCI:2342356.2342431,
   author = {Liu, Xi and Dobrian, Florin and Milner, Henry and Jiang, Junchen and Sekar, Vyas and Stoica, Ion and Zhang, Hui},
   title = {A case for a coordinated internet video control plane},
   booktitle = {Proceedings of the ACM SIGCOMM 2012 conference on Applications, technologies, architectures, and protocols for computer communication},
   series = {SIGCOMM '12},
   year = {2012},
   isbn = {978-1-4503-1419-0},
   location = {Helsinki, Finland},
   pages = {359--370},
   numpages = {12},
   url = {http://doi.acm.org/10.1145/2342356.2342431},
   doi = {10.1145/2342356.2342431},
   acmid = {2342431},
   publisher = {ACM},
   address = {New York, NY, USA},
   keywords = {cdns, control plane, video},
} 

@article{maxflow,
year={2003},
issn={1570-1166},
journal={Journal of Mathematical Modelling and Algorithms},
volume={2},
issue={1},
doi={10.1023/A:1023607406540},
title={An Incremental Algorithm for the Maximum Flow Problem},
url={http://dx.doi.org/10.1023/A%3A1023607406540},
publisher={Kluwer Academic Publishers},
keywords={incremental computation; maximum flow; combinatorial optimization; network flows},
author={Kumar, S. and Gupta, P.},
pages={1-16},
language={English}
}

@article{DBLP:journals/corr/abs-0704-1068,
   author    = {Giacomo Nannicini and
      Philippe Baptiste and
         Gilles Barbier and
         Daniel Krob and
         Leo Liberti},
   title     = {Fast paths in large-scale dynamic road networks},
   journal   = {CoRR},
   volume    = {abs/0704.1068},
   year      = {2007},
   ee        = {http://arxiv.org/abs/0704.1068},
   bibsource = {DBLP, http://dblp.uni-trier.de}
}

@INPROCEEDINGS{Demetrescu04experimentalanalysis,
   author = {Camil Demetrescu},
   title = {Experimental analysis of dynamic all pairs shortest path algorithms},
   booktitle = {In Proceedings of the fifteenth annual ACM-SIAM symposium on Discrete algorithms},
   year = {2004},
   pages = {369--378}
}

@INPROCEEDINGS{4784717, 
   author={Weizhan Zhang and Qinghua Zheng and Yang Li and Xinyan Jia}, 
   booktitle={Consumer Communications and Networking Conference, 2009. CCNC 2009. 6th IEEE}, title={A Multi-Tree Construction Algorithm for Multi-Channel Live Media Delivery on Overlay Service Network}, 
   year={Jan.}, 
   pages={1-5}, 
   keywords={DiffServ networks;multicast communication;multimedia communication;trees (mathematics);multichannel live media delivery;multitree construction algorithm;overlay service network;service differentiation;shared overlay network resources;shared overlay nodes;Bandwidth;Computer science;Education;Electronic learning;IP networks;Multicast algorithms;Network servers;Peer to peer computing;Streaming media;Web and internet services}, 
   doi={10.1109/CCNC.2009.4784717},}

@inproceedings{51043858,
   author = {Oh Chan Kwon and Hwangjun Song and Tai-Won Um},
   title = {{Overlay multicast tree construction algorithm for stable multimedia service}},
   booktitle = {CCNC IEEE Consumer Communications and Networking Conference},
   year = {2011},
   doi = {10.1109/CCNC.2011.5766486},
   masid = {51043858}
}

@INPROCEEDINGS{Henzinger97maintainingminimum,
   author = {Monika Rauch Henzinger and Valerie King},
   title = {Maintaining Minimum Spanning Trees in Dynamic Graphs},
   booktitle = {IN PROC. 24TH INTERNATIONAL COLLOQUIUM ON AUTOMATA, LANGUAGES, AND PROGRAMMING (ICALP},
   year = {1997},
   pages = {594--604},
   publisher = {Springer-Verlag}
}
